<record><leader>00000cas a22000007a 4500</leader><controlfield tag="001">19258953</controlfield><controlfield tag="008">890224d19uu1966mouwr ne      0    0eng d</controlfield><datafield ind1=" " ind2=" " tag="010"><subfield code="a">sn 89066263 </subfield></datafield><datafield ind1=" " ind2=" " tag="040"><subfield code="a">MQN</subfield><subfield code="b">eng</subfield><subfield code="c">MQN</subfield><subfield code="d">OCLCQ</subfield></datafield><datafield ind1=" " ind2=" " tag="042"><subfield code="a">msc</subfield></datafield><datafield ind1="0" ind2=" " tag="130"><subfield code="a">Sentinel (Independence, Mo.)</subfield></datafield><datafield ind1="1" ind2="4" tag="245"><subfield code="a">The sentinel.</subfield></datafield><datafield ind1=" " ind2=" " tag="260"><subfield code="a">Independence, Mo. :</subfield><subfield code="b">Inter-City Press</subfield></datafield><datafield ind1=" " ind2=" " tag="300"><subfield code="a">v.</subfield></datafield><datafield ind1=" " ind2=" " tag="310"><subfield code="a">Weekly</subfield></datafield><datafield ind1="0" ind2=" " tag="362"><subfield code="a">-v. 100, no. 2 (Jan. 10, 1966).</subfield></datafield><datafield ind1=" " ind2=" " tag="500"><subfield code="a">Published in: Fairmount, Mo., June 14-July 5, 1955; Oak Grove, Mo., 1959-1966.</subfield></datafield><datafield ind1=" " ind2=" " tag="588"><subfield code="a">Description based on: Vol. 83, no. 44 (Nov. 1, 1949).</subfield></datafield><datafield ind1=" " ind2="4" tag="651"><subfield code="a">Independence (Mo.)</subfield><subfield code="v">Newspapers.</subfield></datafield><datafield ind1=" " ind2=" " tag="752"><subfield code="a">United States</subfield><subfield code="b">Missouri</subfield><subfield code="c">Jackson</subfield><subfield code="d">Independence.</subfield></datafield><datafield ind1=" " ind2=" " tag="752"><subfield code="a">United States</subfield><subfield code="b">Missouri</subfield><subfield code="c">Jackson</subfield><subfield code="d">Oak Grove.</subfield></datafield><datafield ind1="0" ind2="0" tag="780"><subfield code="t">Independence sentinel (Independence, Mo. : 1866)</subfield><subfield code="w">(DLC)sn 85033941</subfield></datafield><datafield ind1="0" ind2="6" tag="780"><subfield code="t">Sugar Creek herald</subfield><subfield code="w">(DLC)sn 89066273</subfield></datafield><datafield ind1="0" ind2="7" tag="785"><subfield code="t">Jackson County democrat (Blue Springs, Mo.)</subfield><subfield code="w">(DLC)sn 89066265</subfield></datafield><datafield ind1="0" ind2="7" tag="785"><subfield code="t">Jackson County sentinel</subfield><subfield code="w">(DLC)sn 89066264</subfield></datafield><datafield ind1="1" ind2=" " tag="029"><subfield code="a">AU@</subfield><subfield code="b">000020559101</subfield></datafield></record>